@misc{asdouglasgame,
    author       = "A.S. Douglas",
    title        = "{Noughts and Crosses - The oldest graphical computer game}",
    howpublished = "\url{http://www.pong-story.com/1952.htm}",
}
@misc{tennisfortwo,
    author       = "John Anderson",
    title        = "{Tennis for Two, The story of an early computer game}",
    howpublished = "\url{http://www.pong-story.com/1958.htm}",
}
@misc{ralphbaerbrownbox,
    author       = "Ralph H. Baer",
    title        = "{The Brown Box, 1967â€“68}",
    howpublished = "\url{http://americanhistory.si.edu/collections/search/object/nmah_1301997}",
}
@misc{magnavox,
    author       = "Henry Lowood",
    title        = "{Magnavox Odyssey, First home video game console}",
    howpublished = "\url{http://www.pong-story.com/odyssey.htm}",
}
@misc{atarispong,
    author       = "Allan Alcorn",
    title        = "{Atari History, Timeline 1972-1984, November-30-1972}",
    howpublished = "\url{https://www.atari.com/history/1972-1984-0}",
}
@misc{computerspace,
    author       = "Henry Lowood",
    title        = "{Videogames in Computer Space: The Complex History of Pong}",
    howpublished = "\url{http://lmc.gatech.edu/~bogost/courses/spring10/lcc8823/lowood.pdf}",
    year         = "2010"
}
@misc{grantrak,
    title        = "{Gran Trak 10}",
    howpublished = "\url{http://www.arcade-museum.com/game_detail.php?game_id=7992}",
}
@misc{mazewars,
    author       = "Steve Colley",
    title        = "{Stories from the Maze War 30 Year Retrospective}",
    howpublished = "\url{http://www.digibarn.com/history/04-VCF7-MazeWar/stories/colley.html}",
}
@misc{wesnothgame,
    title        = "{The Battle for Wesnoth}",
    howpublished = "\url{http://www.wesnoth.org/}",
}

@article{spacewar,
    author    = "John Markoff",
    title     = "{Alan Kotok, 64, a Pioneer In Computer Video Games}",
    year      = "2006",
    journal   = "{The New York Times}"
}

@book{bobbatesgamedesign,
    author    = "Bob Gates",
    title     = "Game Design (2nd Edition)",
    publisher = "Thomson Course Technology",
    year      = "2004"
}

@book{erikgamedevelopment,
    author    = "Erik Bethke",
    title     = "Game Development and Production",
    publisher = "Wordware Game Developer's Library",
    year      = "2003"
}

@online{vanderburg_particlesystem,
author = {John van der Burg},
title = "{Building an Advanced Particle System}",
year = {2000},
howpublished = "\url{http://www.gamasutra.com/view/feature/3157/building_an_advanced_particle_.php}",
}

@book{ian_gamephysics,
author = {Ian Millington},
title = {Game Physics Engine Development},
year = {2007},
publisher = "Morgan Kaufmann",
}

@online{eric_ragdoll,
author = {Eric Brown},
title = "{Ragdoll Physics On The DS}",
year = {2009},
howpublished = "\url{http://www.gamasutra.com/view/feature/132309/ragdoll_physics_on_the_ds.php}",
}

@online{fifa_physics,
author = {Julianne Chiaet},
title = "{Getting on the Ball: How the FIFA 14 Soccer Video Game Finally Got Its Physics Right}",
year = {2013},
howpublished = "\url{http://www.scientificamerican.com/article/getting-on-the-ball-how-soccer-video-game-got-physics-right/}",
}



